<?xml version="1.0" encoding="UTF-8"?><collection xmlns="http://www.loc.gov/MARC21/slim"><record><leader>00503nam--2200193-i-4500</leader><controlfield tag="001">000016015</controlfield><controlfield tag="002">20161230</controlfield><controlfield tag="005">20161230201031</controlfield><controlfield tag="008">060222s1000------------r-----000-0-fre-d</controlfield><datafield ind1=" " ind2=" " tag="040"><subfield code="a">IFIN-HH</subfield></datafield><datafield ind1=" " ind2=" " tag="041"><subfield code="a">fre</subfield></datafield><datafield ind1=" " ind2=" " tag="080"><subfield code="a">539.12</subfield></datafield><datafield ind1="1" ind2=" " tag="100"><subfield code="a">Diu, Bernard</subfield></datafield><datafield ind1="1" ind2="0" tag="245"><subfield code="a">Qu est-ce qu un particule elementaire?</subfield><subfield code="c">Bernard diu</subfield></datafield><datafield ind1=" " ind2=" " tag="260"><subfield code="a">Paris</subfield><subfield code="b">Masson Et C-ie</subfield><subfield code="c">1965</subfield></datafield><datafield ind1=" " ind2=" " tag="300"><subfield code="a">V+164P</subfield></datafield><datafield ind1=" " ind2=" " tag="490"><subfield code="a">Collection De Monographies De Physique</subfield></datafield><datafield ind1=" " ind2=" " tag="852"><subfield code="a">76658</subfield><subfield code="c">539.12</subfield></datafield><datafield ind1=" " ind2=" " tag="CAT"><subfield code="a">Sys</subfield><subfield code="c">20120119</subfield><subfield code="h">162234</subfield></datafield></record></collection>